<?xml version="1.0" encoding="UTF-8"?><collection xmlns="http://www.loc.gov/MARC21/slim"><record><leader>00575nam--2200181-i-4500</leader><controlfield tag="001">000049898</controlfield><controlfield tag="002">20161230</controlfield><controlfield tag="005">20161230201047</controlfield><controlfield tag="008">060222s1000------------r-----000-0-eng-d</controlfield><datafield ind1=" " ind2=" " tag="040"><subfield code="a">IFIN-HH</subfield></datafield><datafield ind1=" " ind2=" " tag="080"><subfield code="a">539.12.162.8(061.3)</subfield></datafield><datafield ind1="1" ind2=" " tag="100"><subfield code="a">Guy, J</subfield></datafield><datafield ind1="1" ind2="0" tag="245"><subfield code="a">Proceedings of hep83</subfield><subfield code="b">International europhysics conference on high energy physics brighton (uk), 20-27 july, 1983</subfield><subfield code="c">J. guy, c. costain (eds.)</subfield></datafield><datafield ind1=" " ind2=" " tag="260"><subfield code="a">Chilton, Uk</subfield><subfield code="b">Rutherford Appleton Laboratory</subfield><subfield code="c">1983</subfield></datafield><datafield ind1=" " ind2=" " tag="300"><subfield code="a">925P</subfield></datafield><datafield ind1="1" ind2=" " tag="700"><subfield code="a">Costain, C</subfield><subfield code="e">Ed</subfield></datafield><datafield ind1=" " ind2=" " tag="852"><subfield code="a">78962</subfield><subfield code="c">539.12</subfield></datafield><datafield ind1=" " ind2=" " tag="CAT"><subfield code="a">Sys</subfield><subfield code="c">20120125</subfield><subfield code="h">165555</subfield></datafield></record></collection>